@article{cao2008maximum,
  title={A maximum common substructure-based algorithm for searching and predicting drug-like compounds},
  author={Cao, Yiqun and Jiang, Tao and Girke, Thomas},
  journal={Bioinformatics},
  volume={24},
  number={13},
  pages={i366--i374},
  year={2008},
  publisher={Oxford Univ Press}
}

@article{xu1996gma,
  title={GMA: a generic match algorithm for structural homomorphism, isomorphism, and maximal common substructure match and its applications},
  author={Xu, Jun},
  journal={J. Chem. Inf. Comput. Sci.},
  volume={36},
  number={1},
  pages={25--34},
  year={1996},
  publisher={ACS Publications}
}

@article{keiser2007relating,
  title={Relating protein pharmacology by ligand chemistry},
  author={Keiser, Michael J and Roth, Bryan L and Armbruster, Blaine N and Ernsberger, Paul and Irwin, John J and Shoichet, Brian K},
  journal={Nat. Biotechnol.},
  volume={25},
  number={2},
  pages={197--206},
  year={2007},
  publisher={Nature Publishing Group}
}
@article{goyal2017continuous,
  title={A Continuous Relaxation of Beam Search for End-to-end Training of Neural Sequence Models},
  author={Goyal, Kartik and Neubig, Graham and Dyer, Chris and Berg-Kirkpatrick, Taylor},
  journal={arXiv preprint arXiv:1708.00111},
  year={2017}
}

@inproceedings{mnih2016asynchronous,
  title={Asynchronous methods for deep reinforcement learning},
  author={Mnih, Volodymyr and Badia, Adria Puigdomenech and Mirza, Mehdi and Graves, Alex and Lillicrap, Timothy and Harley, Tim and Silver, David and Kavukcuoglu, Koray},
  booktitle={International Conference on Machine Learning},
  pages={1928--1937},
  year={2016}
}