@inproceedings{mikolov2013distributed,
  title={Distributed representations of words and phrases and their compositionality},
  author={Mikolov, Tomas and Sutskever, Ilya and Chen, Kai and Corrado, Greg S and Dean, Jeff},
  booktitle={Advances in neural information processing systems},
  pages={3111--3119},
  year={2013}
}
@article{joulin2016fasttext,
  title={FastText.zip: Compressing text classification models},
  author={Joulin, Armand and Grave, Edouard and Bojanowski, Piotr and Douze, Matthijs and J{\'e}gou, H{\'e}rve and Mikolov, Tomas},
  journal={arXiv preprint arXiv:1612.03651},
  year={2016}
}
@inproceedings{pennington2014glove,
  title={Glove: Global vectors for word representation},
  author={Pennington, Jeffrey and Socher, Richard and Manning, Christopher},
  booktitle={Proceedings of the 2014 conference on empirical methods in natural language processing (EMNLP)},
  pages={1532--1543},
  year={2014}
}
@inproceedings{tjongkimsang2003conll,
   author     = "Tjong Kim Sang, Erik F. and De Meulder, Fien",
   title      = "Introduction to the CoNLL-2003 Shared Task: 
                 Language-Independent Named Entity Recognition",
   booktitle  = "Proceedings of CoNLL-2003",
   editor     = "Walter Daelemans and Miles Osborne",
   publisher  = "Edmonton, Canada",
   pages      = "142--147",
   year       = "2003"
}
@article{paszke2017automatic,
  title={Automatic differentiation in PyTorch},
  author={Paszke, Adam and Gross, Sam and Chintala, Soumith and Chanan, Gregory and Yang, Edward and DeVito, Zachary and Lin, Zeming and Desmaison, Alban and Antiga, Luca and Lerer, Adam},
  year={2017}
}
@book{Aho:72,
    author  = {Alfred V. Aho and Jeffrey D. Ullman},
    title   = {The Theory of Parsing, Translation and Compiling},
    year    = "1972",
    volume  = "1",
    publisher = {Prentice-Hall},
    address = {Englewood Cliffs, NJ}
}

@book{APA:83,
    author  = {{American Psychological Association}},
    title   = {Publications Manual},
    year    = "1983",
   publisher = {American Psychological Association},
   address = {Washington, DC}
}

@article{ACM:83,
	year = "1983",
	author = {{Association for Computing Machinery}},
	journal = {Computing Reviews},
	volume = "24",
	number = "11",
	pages = "503--512"
}

@article{Chandra:81,
	author = {Ashok K. Chandra and Dexter C. Kozen and Larry J. Stockmeyer},
	year = "1981",
	title = {Alternation},
	journal = {Journal of the Association for Computing Machinery},
	volume = "28",
	number = "1",
	pages = "114--133",
	doi = "10.1145/322234.322243",
}

@book{Gusfield:97,
    author  = {Dan Gusfield},
    title   = {Algorithms on Strings, Trees and Sequences},
    year    = "1997",
    publisher = {Cambridge University Press},
    address = {Cambridge, UK}
}

@InProceedings{P16-1001,
  author =	{Goodman, James
  	 and Vlachos, Andreas
	     and Naradowsky, Jason},
  title =    "Noise reduction and targeted exploration in imitation learning for      Abstract Meaning Representation parsing    ",
  booktitle = 	    "Proceedings of the 54th Annual Meeting of the Association for      Computational Linguistics (Volume 1: Long Papers)    ",
  year =    "2016",
  publisher =	"Association for Computational Linguistics",
  pages =   "1--11",
  location =	"Berlin, Germany",
  doi =    "10.18653/v1/P16-1001",
  url =    "http://aclweb.org/anthology/P16-1001"
}

@InProceedings{C14-1001,
  author =	"Harper, Mary",
  title = 	"Learning from 26 Languages: Program Management and Science in the Babel Program",
  booktitle = 	"Proceedings of COLING 2014, the 25th International Conference on Computational Linguistics: Technical Papers",
  year =    "2014",
  publisher =	"Dublin City University and Association for Computational Linguistics",
  pages =   "1",
  location =	"Dublin, Ireland",
  url =    "http://aclweb.org/anthology/C14-1001"
}

@inproceedings{seq2seq_2014,
  title={Sequence to sequence learning with neural networks},
  author={Sutskever, Ilya and Vinyals, Oriol and Le, Quoc V},
  booktitle={Advances in neural information processing systems},
  pages={3104--3112},
  year={2014}
}

@article{bahdanau2014neural,
  title={Neural machine translation by jointly learning to align and translate},
  author={Bahdanau, Dzmitry and Cho, Kyunghyun and Bengio, Yoshua},
  journal={arXiv preprint arXiv:1409.0473},
  year={2014}
}

@article{luong2015effective,
  title={Effective approaches to attention-based neural machine translation},
  author={Luong, Minh-Thang and Pham, Hieu and Manning, Christopher D},
  journal={arXiv preprint arXiv:1508.04025},
  year={2015}
}

@article{goyal2017continuous,
  title={A Continuous Relaxation of Beam Search for End-to-end Training of Neural Sequence Models},
  author={Goyal, Kartik and Neubig, Graham and Dyer, Chris and Berg-Kirkpatrick, Taylor},
  journal={arXiv preprint arXiv:1708.00111},
  year={2017}
}

@article{goyal2017differentiable,
  title={Differentiable scheduled sampling for credit assignment},
  author={Goyal, Kartik and Dyer, Chris and Berg-Kirkpatrick, Taylor},
  journal={arXiv preprint arXiv:1704.06970},
  year={2017}
}

@inproceedings{bengio2015scheduled,
  title={Scheduled sampling for sequence prediction with recurrent neural networks},
  author={Bengio, Samy and Vinyals, Oriol and Jaitly, Navdeep and Shazeer, Noam},
  booktitle={Advances in Neural Information Processing Systems},
  pages={1171--1179},
  year={2015}
}

@article{gumbel2017,
  title={Neural machine translation with gumbel-greedy decoding},
  author={Gu, Jiatao and Im, Daniel Jiwoong and Li, Victor OK},
  journal={arXiv preprint arXiv:1706.07518},
  year={2017}
}

@article{trainable_greedy_2017,
  title={Trainable greedy decoding for neural machine translation},
  author={Gu, Jiatao and Cho, Kyunghyun and Li, Victor OK},
  journal={arXiv preprint arXiv:1702.02429},
  year={2017}
}

@inproceedings{goodfellow2014generative,
  title={Generative adversarial nets},
  author={Goodfellow, Ian and Pouget-Abadie, Jean and Mirza, Mehdi and Xu, Bing and Warde-Farley, David and Ozair, Sherjil and Courville, Aaron and Bengio, Yoshua},
  booktitle={Advances in neural information processing systems},
  pages={2672--2680},
  year={2014}
}

@book{sutton1998reinforcement,
  title={Reinforcement learning: An introduction},
  author={Sutton, Richard S and Barto, Andrew G},
  volume={1},
  number={1},
  year={1998},
  publisher={MIT press Cambridge}
}

@article{ranzato2015sequence,
  title={Sequence level training with recurrent neural networks},
  author={Ranzato, Marc'Aurelio and Chopra, Sumit and Auli, Michael and Zaremba, Wojciech},
  journal={arXiv preprint arXiv:1511.06732},
  year={2015}
}

@article{bahdanau2016actor,
  title={An actor-critic algorithm for sequence prediction},
  author={Bahdanau, Dzmitry and Brakel, Philemon and Xu, Kelvin and Goyal, Anirudh and Lowe, Ryan and Pineau, Joelle and Courville, Aaron and Bengio, Yoshua},
  journal={arXiv preprint arXiv:1607.07086},
  year={2016}
}

% ------------ GAN ------------
@inproceedings{vondrick2016generating,
  title={Generating videos with scene dynamics},
  author={Vondrick, Carl and Pirsiavash, Hamed and Torralba, Antonio},
  booktitle={Advances In Neural Information Processing Systems},
  pages={613--621},
  year={2016}
}

@inproceedings{ruder2016artistic,
  title={Artistic style transfer for videos},
  author={Ruder, Manuel and Dosovitskiy, Alexey and Brox, Thomas},
  booktitle={German Conference on Pattern Recognition},
  pages={26--36},
  year={2016},
  organization={Springer}
}

@article{berthelot2017began,
  title={Began: Boundary equilibrium generative adversarial networks},
  author={Berthelot, David and Schumm, Tom and Metz, Luke},
  journal={arXiv preprint arXiv:1703.10717},
  year={2017}
}
@article{dcgan2015,
  title={Unsupervised representation learning with deep convolutional generative adversarial networks},
  author={Radford, Alec and Metz, Luke and Chintala, Soumith},
  journal={arXiv preprint arXiv:1511.06434},
  year={2015}
}
@inproceedings{zhang2017stackgan,
  title={Stackgan: Text to photo-realistic image synthesis with stacked generative adversarial networks},
  author={Zhang, Han and Xu, Tao and Li, Hongsheng and Zhang, Shaoting and Huang, Xiaolei and Wang, Xiaogang and Metaxas, Dimitris},
  booktitle={IEEE Int. Conf. Comput. Vision (ICCV)},
  pages={5907--5915},
  year={2017}
}
@article{progressive_gan_2017,
  title={Progressive Growing of GANs for Improved Quality},
  author={Karras, T and Aila, T and Laine, S and Lehtinen, J},
  journal={Stability, and Variation. arXiv preprint},
  year={2017}
}
% ----------------------------------------

% ------------ GAN Transfer --------------
@article{conditional_gan_2014,
  title={Conditional generative adversarial nets},
  author={Mirza, Mehdi and Osindero, Simon},
  journal={arXiv preprint arXiv:1411.1784},
  year={2014}
}
@article{pix2pix2017,
  title={Image-to-image translation with conditional adversarial networks},
  author={Isola, Phillip and Zhu, Jun-Yan and Zhou, Tinghui and Efros, Alexei A},
  journal={arXiv preprint},
  year={2017}
}
@article{discoGAN2017,
  title={Learning to discover cross-domain relations with generative adversarial networks},
  author={Kim, Taeksoo and Cha, Moonsu and Kim, Hyunsoo and Lee, Jungkwon and Kim, Jiwon},
  journal={arXiv preprint arXiv:1703.05192},
  year={2017}
}
@article{mechrez2017photorealistic,
  title={Photorealistic Style Transfer with Screened Poisson Equation},
  author={Mechrez, Roey and Shechtman, Eli and Zelnik-Manor, Lihi},
  journal={arXiv preprint arXiv:1709.09828},
  year={2017}
}
@article{luan2017deep,
  title={Deep photo style transfer},
  author={Luan, Fujun and Paris, Sylvain and Shechtman, Eli and Bala, Kavita},
  journal={CoRR, abs/1703.07511},
  year={2017}
}
@article{zhu2017unpaired,
  title={Unpaired image-to-image translation using cycle-consistent adversarial networks},
  author={Zhu, Jun-Yan and Park, Taesung and Isola, Phillip and Efros, Alexei A},
  journal={arXiv preprint arXiv:1703.10593},
  year={2017},
  publisher={ICCV}
}
%%%%%% TEXT %%%%
@inproceedings{shen2017style,
  title={Style transfer from non-parallel text by cross-alignment},
  author={Shen, Tianxiao and Lei, Tao and Barzilay, Regina and Jaakkola, Tommi},
  booktitle={Advances in Neural Information Processing Systems},
  pages={6833--6844},
  year={2017}
}
@inproceedings{controlled_text_gen_2017,
  title={Toward controlled generation of text},
  author={Hu, Zhiting and Yang, Zichao and Liang, Xiaodan and Salakhutdinov, Ruslan and Xing, Eric P},
  booktitle={International Conference on Machine Learning},
  pages={1587--1596},
  year={2017}
}
@inproceedings{professor_forcing_2016,
  title={Professor forcing: A new algorithm for training recurrent networks},
  author={Lamb, Alex M and GOYAL, Anirudh Goyal ALIAS PARTH and Zhang, Ying and Zhang, Saizheng and Courville, Aaron C and Bengio, Yoshua},
  booktitle={Advances In Neural Information Processing Systems},
  pages={4601--4609},
  year={2016}
}
@article{boundaryseeking_gan_2017,
  title={Boundary-seeking generative adversarial networks},
  author={Hjelm, R Devon and Jacob, Athul Paul and Che, Tong and Cho, Kyunghyun and Bengio, Yoshua},
  journal={arXiv preprint arXiv:1702.08431},
  year={2017}
}
@article{wiseman2016sequence,
  title={Sequence-to-sequence learning as beam-search optimization},
  author={Wiseman, Sam and Rush, Alexander M},
  journal={arXiv preprint arXiv:1606.02960},
  year={2016}
}
@article{andor2016globally,
  title={Globally normalized transition-based neural networks},
  author={Andor, Daniel and Alberti, Chris and Weiss, David and Severyn, Aliaksei and Presta, Alessandro and Ganchev, Kuzman and Petrov, Slav and Collins, Michael},
  journal={arXiv preprint arXiv:1603.06042},
  year={2016}
}
% ----------------------------------------
@article{bahdanau2017actor,
  title={An actor-critic algorithm for sequence prediction},
  author={Bahdanau, Dzmitry and Brakel, Philemon and Xu, Kelvin and Goyal, Anirudh and Lowe, Ryan and Pineau, Joelle and Courville, Aaron and Bengio, Yoshua},
  journal={ICLR},
  year={2017}
}
@article{pfau2016connecting,
  title={Connecting generative adversarial networks and actor-critic methods},
  author={Pfau, David and Vinyals, Oriol},
  journal={arXiv preprint arXiv:1610.01945},
  year={2016}
}
@inproceedings{yu2017seqgan,
  title={SeqGAN: Sequence Generative Adversarial Nets with Policy Gradient.},
  author={Yu, Lantao and Zhang, Weinan and Wang, Jun and Yu, Yong},
  booktitle={AAAI},
  pages={2852--2858},
  year={2017}
}
@article{kusner2016gans,
  title={Gans for sequences of discrete elements with the gumbel-softmax distribution},
  author={Kusner, Matt J and Hern{\'a}ndez-Lobato, Jos{\'e} Miguel},
  journal={arXiv preprint arXiv:1611.04051},
  year={2016}
}
@article{gu2017neural,
  title={Neural machine translation with gumbel-greedy decoding},
  author={Gu, Jiatao and Im, Daniel Jiwoong and Li, Victor OK},
  journal={arXiv preprint arXiv:1706.07518},
  year={2017}
}
@article{gu2017learning,
  title={Learning to translate in real-time with neural machine translation},
  author={Gu, Jiatao and Neubig, Graham and Cho, Kyunghyun and Li, Victor OK},
  journal={EACL},
  year={2017}
}

% ----- imitation ---------
@article{daume2009search,
  title={Search-based structured prediction},
  author={Daum{\'e}, Hal and Langford, John and Marcu, Daniel},
  journal={Machine learning},
  volume={75},
  number={3},
  pages={297--325},
  year={2009},
  publisher={Springer}
}
@inproceedings{ross2011reduction,
  title={A reduction of imitation learning and structured prediction to no-regret online learning},
  author={Ross, St{\'e}phane and Gordon, Geoffrey and Bagnell, Drew},
  booktitle={Proceedings of the fourteenth international conference on artificial intelligence and statistics},
  pages={627--635},
  year={2011}
}

@article{goyal2018continuous,
  title={A Continuous Relaxation of Beam Search for End-to-end Training of Neural Sequence Models},
  author={Goyal, Kartik and Neubig, Graham and Dyer, Chris and Berg-Kirkpatrick, Taylor},
  journal={AAAI},
  year={2018}
}
@inproceedings{buckman2016transition,
  title={Transition-based dependency parsing with heuristic backtracking},
  author={Buckman, Jacob and Ballesteros, Miguel and Dyer, Chris},
  booktitle={Proceedings of the 2016 Conference on Empirical Methods in Natural Language Processing},
  pages={2313--2318},
  year={2016}
}

@article{kingma2013auto,
  title={Auto-encoding variational bayes},
  author={Kingma, Diederik P and Welling, Max},
  journal={arXiv preprint arXiv:1312.6114},
  year={2013}
}

@inproceedings{li2017mmd,
  title={MMD GAN: Towards deeper understanding of moment matching network},
  author={Li, Chun-Liang and Chang, Wei-Cheng and Cheng, Yu and Yang, Yiming and P{\'o}czos, Barnab{\'a}s},
  booktitle={Advances in Neural Information Processing Systems},
  pages={2200--2210},
  year={2017}
}

@inproceedings{liu2017unsupervised,
  title={Unsupervised image-to-image translation networks},
  author={Liu, Ming-Yu and Breuel, Thomas and Kautz, Jan},
  booktitle={Advances in Neural Information Processing Systems},
  pages={700--708},
  year={2017}
}

@article{ma2018gan,
  title={DA-GAN: Instance-level Image Translation by Deep Attention Generative Adversarial Networks (with Supplementary Materials)},
  author={Ma, Shuang and Fu, Jianlong and Chen, Chang Wen and Mei, Tao},
  journal={arXiv preprint arXiv:1802.06454},
  year={2018}
}

@article{hochreiter1997long,
  title={Long short-term memory},
  author={Hochreiter, Sepp and Schmidhuber, J{\"u}rgen},
  journal={Neural computation},
  volume={9},
  number={8},
  pages={1735--1780},
  year={1997},
  publisher={MIT Press}
}

@inproceedings{chung2015gated,
  title={Gated feedback recurrent neural networks},
  author={Chung, Junyoung and Gulcehre, Caglar and Cho, Kyunghyun and Bengio, Yoshua},
  booktitle={International Conference on Machine Learning},
  pages={2067--2075},
  year={2015}
}

@article{zoph2016neural,
  title={Neural architecture search with reinforcement learning},
  author={Zoph, Barret and Le, Quoc V},
  journal={arXiv preprint arXiv:1611.01578},
  year={2016}
}

@article{oliva2017statistical,
  title={The statistical recurrent unit},
  author={Oliva, Junier B and P{\'o}czos, Barnab{\'a}s and Schneider, Jeff},
  journal={arXiv preprint arXiv:1703.00381},
  year={2017}
}

@inproceedings{gal2016theoretically,
  title={A theoretically grounded application of dropout in recurrent neural networks},
  author={Gal, Yarin and Ghahramani, Zoubin},
  booktitle={Advances in neural information processing systems},
  pages={1019--1027},
  year={2016}
}
@article{hockenmaier2007ccgbank,
  title={CCGbank: a corpus of CCG derivations and dependency structures extracted from the Penn Treebank},
  author={Hockenmaier, Julia and Steedman, Mark},
  journal={Computational Linguistics},
  volume={33},
  number={3},
  pages={355--396},
  year={2007},
  publisher={MIT Press}
}